

% http://ac.els-cdn.com/0020019089901026/1-s2.0-0020019089901026-main.pdf?_tid=9120ffb6-b2d3-11e2-b7a5-00000aab0f01&acdnat=1367463432_5d6490f0af224da0c452ccf4478d1670
@article{springs,
author = {Tomihisa Kamada, Satoru Kawai},
title = {An Algorithm for Drawing General Undirected Graphs},
journal = {Information Processing Letters},
year = 1989,
volume = 31,
}



